@book{wheeler1989,
    author    = {Donald J. Wheeler and Richard W. Lyday},
    title     = {Evaluating the Measurement Process},
    edition   = {2},
    publisher = {Statistical Process Controls, Inc.},
    year      = {1989},
    isbn      = {0-945320-06-X},
    location  = {Knoxville, TN},
    pages     = {222}
}
@book{wheeler2004,
    author    = {Donald J. Wheeler},
    title     = {Advanced Topics in Statistical Process Control},
    subtitle  = {The Power of Shewhart's Charts},
    publisher = {Statistical Process Controls, Inc.},
    year      = {2004},
    isbn      = {0-945320-63-9},
    edition   = {2},
    location  = {Knoxville, TN},
    pages     = {484}
}
@book{wheeler2006,
    author    = {Donald J. Wheeler},
    title     = {EMPIII},
    subtitle  = {Evaluating the Measurement Process \& Using Imperfect Data},
    publisher = {Statistical Process Controls, Inc.},
    year      = {2006},
    isbn      = {0-945320-67-1},
    location  = {Knoxville, TN},
    pages     = {332}
}
@book{akao1990,
    author    = {Yoji Akao},
    title     = {Quality Function Deployment: Integrating Customer Requirements into Product Design},
    publisher = {Productivity Press},
    year      = {1990},
    isbn      = {978-0915299416},
    pages     = {400},
    location  = {Portland, OR}
}
@book{anguist2009,
    author    = {Joshua D. Anguist and Jörn-Steffen Pischke},
    title     = {Mostly Harmless Econometrics: An Empiricist's Companion},
    publisher = {Princeton University Press},
    year      = {2009},
    isbn      = {978-0-691-12034-8},
    pages     = {392},
    location  = {Princeton, NJ}
}
@book{creveling2012,
    author    = {Clyde M. Creveling},
    title     = {Tolerance Design: A Handbook for Developing Optimzal Specifications},
    location  = {Don Mills ON},
    publisher = {Addison-Wesley},
    year      = {1997},
    isbn      = {0-201-63473-2},
    pages     = {444}
}
@article{boyles1991,
    author       = {Russell A. Boyles},
    title        = {The {T}aguchi Capability Index},
    year         = {1991},
    month        = {1},
    volume       = {23},
    number       = {1},
    pages        = {17-26},
    journaltitle = {{J}ournal of {Q}uality {T}echnology},
    publisher    = {{T}aylor \& {F}rancis},
    doi          = {10.1080/00224065.1991.11979279},
    URL          = {https://doi.org/10.1080/00224065.1991.11979279},
    eprint       = {https://doi.org/10.1080/00224065.1991.11979279}
}
@article{chan1988,
    author       = {Lai K. Chan and Smiley W. Cheng and Frederick A. Spiring},
    title        = {A New Measure of process capability: ${C}_\text{pm}$},
    journaltitle = {{J}ournal of {Q}uality {T}echnology},
    volume       = {20},
    number       = {3},
    month        = {7},
    year         = {1988},
    pages        = {162-175},
    publisher    = {{T}aylor \& {F}rancis},
    doi          = {10.1080/00224065.1988.11979102},
    URL          = {https://doi.org/10.1080/00224065.1988.11979102},
    eprint       = {https://doi.org/10.1080/00224065.1988.11979102}
}
@article{fisher1936,
    author = {R.A. Fisher},
    title = {The use of multiple measurements in taxonomic problems},
    journaltitle = {Annals of Eugenics},
    volume = {7},
    number = {2},
    year = {1936},
    pages = {179-188},
    url = {https://hdl.handle.net/2440/15227},
    eprint = {https://doi.org/10.1111%2Fj.1469-1809.1936.tb02137.x}
}
@article{gunter1989,
    author       = {Berton H. Gunter},
    title        = {Use and Abuse of ${C}_\text{pk}$},
    journaltitle = {Quality Progress},
    year         = {1989},
    note         = {[Part 1 January pp 72-73, Part 2 March pp 108-109, Part 3 May pp 79-80, Part 4 July pp 86-87]}
}
@article{hare2007,
    author       = {Lynne B. Hare},
    title        = {The ubiquitous ${C}_\text{pk}$},
    journaltitle = {Quality Progress},
    month        = {1},
    year         = {2007},
    volume       = {40},
    pages        = {72-73}
}
@article{kane1986,
    author       = {Victor E. Kane},
    title        = {Process Capability Indices},
    journaltitle = {{J}ournal of {Q}uality {T}echnology},
    volume       = {18},
    number       = {1},
    month        = {1},
    year         = {1986},
    pages        = {41-52},
    publisher    = {{T}aylor \& {F}rancis},
    doi          = {10.1080/00224065.1986.11978984},
    url          = {https://doi.org/10.1080/00224065.1986.11978984},
    eprint       = {https://doi.org/10.1080/00224065.1986.11978984}
}
@article{kotz2002,
    author       = {Samuel Kotz and Norman L. Johnson},
    title        = {Process Capability Indices---a Review, 1992--2000},
    journaltitle = {{J}ournal of {Q}uality {T}echnology},
    volume       = {34},
    number       = {1},
    month        = {1},
    year         = {2002},
    pages        = {2-19},
    publisher    = {{T}aylor \& {F}rancis},
    doi          = {10.1080/00224065.2002.11980119},
    url          = {https://doi.org/10.1080/00224065.2002.11980119},
    eprint       = {https://doi.org/10.1080/00224065.2002.11980119}
}
@article{kozyrkov20180726,
    author       = {Cassie Kozyrkov},
    title        = {Top 10 roles in AI and data science},
    date         = {2018-07-26},
    journaltitle = {Hackernoon}
}
@book{geron2019,
    author    = {Aurélien Géron},
    title     = {Hands-on Machine Learning with Scikit-Learn, Keras \& TensorFlow: Concepts, Tools, and Techniques to Build Intelligent Systems},
    publisher = {O'Reilly},
    year      = {2019},
    location  = {Boston, MA},
    edition   = {2},
    isbn      = {978-1-492-03264-9}
}
@book{legendre1805,
    author       = {Adrien-Marie Legendre},
    title        = {Nouvelles méthodes pour détermination des orbites des comètes},
    publisher    = {Firmin Didot},
    year         = {1805},
    location     = {Paris, France},
    note         = {"Sur la Méthode des moindres quarrés" appears as an appendix.}
}
@article{marshall1994,
    author       = {J.C. Marshall},
    title        = {${C}_\text{pk}$ and Related Quality Indices},
    journaltitle = {KEMET TechTopics},
    month        = {5},
    year         = {1994},
    note         = {KEMET Eletronics Corporation},
    address      = {Greenville, SC},
    volume       = {4},
    number       = {3},
}
@article{nelson1984,
    author       = {Lloyd S. Nelson},
    title        = {The {S}hewhart Control Chart---Tests for Special Causes},
    journaltitle = {{J}ournal of {Q}uality {T}echnology},
    volume       = {16},
    number       = {4},
    month        = {10},
    year         = {1984},
    pages        = {237-239},
    publisher    = {{T}aylor \& {F}rancis},
    doi          = {10.1080/00224065.1984.11978921},
    URL          = {https://doi.org/10.1080/00224065.1984.11978921},
    eprint       = {https://doi.org/10.1080/00224065.1984.11978921}
}
@online{nist:sematech,
    author = {NIST/SEMATECH},
    title  = {e-{H}andbook of Statistical Methods},
    year   = {2012},
    url    = {https://www.itl.nist.gov/div898/handbook/index.htm},
    note   = {[Online; accessed 2022-07-11]}
}
@unpublished{pilon20220707,
    author       = {Gilles Pilon},
    title        = {Process capability strategy},
    date         = {2022-07-20},
    howpublished = {[markdown, html, pdf, latex]}
}
@inproceedings{wheeler1992,
    author       = {Donald J. Wheeler},
    title        = {Problems with Gauge {R}\&{R} Studies},
    booktitle    = {46th {A}nnual {Q}uality {C}ongress},
    location     = {Nashville, TN},
    organization = {American Society for Quality Control},
    year         = {1992},
    month        = {5},
    date         = {1992-05-18},
    note         = {Revised 1994-11-22}
}
@inproceedings{wheeler1994,
    author       = {Donald J. Wheeler},
    title        = {Modern extensions of interlaboratory testing},
    organization = {American Statistical Association},
    year         = {1994},
    note         = {Invited presentation at the Joint Statistical Meetings},
    location     = {Toronto ON},
    date         = {1994-08-14/1994-08-17}
}
@online{wikipedia:analytics,
    author = {Wikipedia},
    title  = {Analytics},
    date   = {2022},
    url    = {https://en.wikipedia.org/wiki/Analytics},
    note   = {[Online; accessed 2022-08-12]}
}
@online{wikipedia:machinelearning,
    author = {Wikipedia},
    title  = {Machine learning},
    date   = {2022},
    url    = {https://en.wikipedia.org/wiki/Machine_learning},
    note   = {[Online; accessed 2022-08-17]}
}
@online{wikipedia:statisticalinference,
    author = {Wikipedia},
    title  = {Statistical inference},
    date   = {2022},
    url    = {https://en.wikipedia.org/wiki/Statistical_inference},
    note   = {[Online; accessed 2022-08-02]}
}
@book{boxhunterhunter1978,
    author    = {George E.P. Box and William G. Hunter and J. Stuart Hunter},
    title     = {Statistics for Experimenters},
    subtitle  = {An Introduction to Design, Data Analysis, and Model Building},
    edition   = {1},
    publisher = {John Wiley \& Sons},
    year      = {1978},
    isbn      = {978-0-471-09315-2},
    location  = {New York, NY},
    pages     = {653}
}
@book{boxhunterhunter2005,
    author    = {George E.P. Box and William G. Hunter and J. Stuart Hunter},
    title     = {Statistics for Experimenters},
    subtitle  = {Design, Innovation, and Discovery},
    edition   = {2},
    publisher = {John Wiley \& Sons},
    year      = {2005},
    isbn      = {978-0-471-71813-0},
    location  = {Hoboken, NJ},
    pages     = {672}
}
@article{daniel1959,
    author       = {Cuthbert Daniel},
    title        = {Use of Half-Normal Plots in Interpreting Factorial Two-Level Experiments},
    year         = {1959},
    journaltitle = {Technometrics},
    volume       = {1},
    number       = {4},
    pages        = {311-341},
    publisher    = {Taylor \& Francis},
    doi          = {https://doi.org/10.2307/1266715},
    url          = {https://www.jstor.org/stable/1266715}
}
@book{daniel1976,
    author    = {Cuthbert Daniel},
    title     = {Applications of Statistics to Industrial Experimentation},
    publisher = {John Wiley \& Sons},
    year      = {1976},
    location  = {New York, NY},
    isbn      = {978-0-470-31717-4},
    pages     = {320}
}
@book{duncan1986,
    author    = {Acheson J. Duncan},
    title     = {Quality Control and Industrial Statistics},
    year      = {1986},
    edition   = {5},
    publisher = {Irwin},
    location  = {Homewood, IL},
    isbn      = {978-0-256035353}
}
@book{hicks1982,
    author    = {Charles R. Hicks},
    title     = {Fundamental Concepts in the Design of Experiments},
    year      = {1982},
    edition   = {3},
    publisher = {Holt, Rinehart, and Winston},
    location  = {New York, NY},
    isbn      = {978-4-833-70155-6}
}
@book{hicksturner1999,
    author    = {Charles R. Hicks and Kenneth V. Turner, Jr.},
    title     = {Fundamental Concepts in the Design of Experiments},
    year      = {1999},
    edition   = {5},
    publisher = {Oxford University Press},
    location  = {New York, NY},
    isbn      = {978-0-19-512273-2}
}
@book{ishikawa1986,
    author    = {Kaoru Ishikawa},
    title     = {Guide to Quality Control},
    year      = {1986},
    edition   = {2},
    publisher = {UNIPUB},
    location  = {Ann Arbor, MI},
    isbn      = {9789283310365}
}
@book{snedecorcochran1980,
    author    = {George W. Snedecor and William G. Cochran},
    title     = {Statistical Methods},
    year      = {1980},
    edition   = {7},
    publisher = {The Iowa University Press},
    location  = {Ames, IA},
    isbn      = {0813815606}
}
@book{jameswittenhastietibshirani2021,
    author    = {Gareth James and Daniela Witten and Trevor Hastie and Robsert Tibshirani},
    title     = {An Introduction to Statistical Learning with Applications in R},
    year      = {2021},
    edition   = {2},
    publisher = {Springer},
    location  = {New York, NY},
    isbn      = {978-1-4614-7138-7},
    url       = {https://www.statlearning.com/}
}
@article{hyndman1996,
    author       = {Rob J. Hyndman and Yanan Fan},
    title        = {Sample Quantiles in Statistical Packages},
    year         = {1996},
    month        = {11},
    volume       = {50},
    number       = {4},
    pages        = {361-365},
    journaltitle = {{T}he {A}merican {S}tatistician},
    publisher    = {{T}aylor \& {F}rancis},
    doi          = {https://doi.org/10.2307/2684934},
    url          = {https://www.jstor.org/stable/2684934},
}
@book{efron1982,
    author       = {Bradley Efron},
    title        = {The Jackknife, the Bootstrap and Other Resampling Plans},
    series       = {CBMS-NSF Regional Conference Series in Applied Mathematics},
    publisher    = {Society for Industrial and Applied Mathematics},
    year         = {1982},
    isbn         = {978-0-898711-79-0},
}
@book{efron1993,
    author       = {Bradley Efron and Robert J. Tibshirani},
    title        = {An Introduction to the Bootstrap},
    year         = {1993},
    publisher    = {{C}hapman \& {H}all},
    location     = {New York, NY},
    isbn         = {0-412-04231-2},
}
@book{ericmatthes,
    author    = {Eric Matthes},
    title     = {Python Crash Course: A Hands-on, Project-based Introduction to Programming},
    year      = {2019},
    edition   = {2},
    publisher = {No Starch Press, Inc.},
    location  = {San Francisco, CA},
    isbn      = {978-1-59327-928-8},
    url       = {https://www.nostarch.com/}
}
@book{stevenjohnson,
    author    = {Steven Johnson},
    title     = {The Ghost Map: The Story of London's Most Terrifying Epidemic---and How it Changed Science, Cities, and the Modern World},
    year      = {2007},
    edition   = {1},
    publisher = {Riverhead Books},
    location  = {New York, NY},
    isbn      = {978-1-59448-269-4},
}
@article{mcgill_tukey_larsen_1978,
    author       = {Robert McGill and John W. Tukey and Wayne A. Larsen},
    title        = {Variations of Box Plots},
    year         = {1978},
    month        = {2},
    volume       = {32},
    number       = {1},
    pages        = {12-16},
    journaltitle = {{T}he {A}merican {S}tatistician},
    publisher    = {{T}aylor \& {F}rancis},
    doi          = {https://doi.org/10.2307/2683468},
    url          = {https://www.jstor.org/stable/2683468},
}
@article{box_george_e_p_interactions_1990,
    author       = {George E.P. Box},
    title        = {Do Interactions Matter?},
    year         = {1990},
    volume       = {2},
    number       = {3},
    pages        = {365-369},
    journaltitle = {{Q}uality {E}ngineering},
    publisher    = {{T}aylor \& {F}rancis},
    doi          = {https://doi.org/10.1080/08982119008962728},
    url          = {/home/gilles/documents/periodicals/quality_engineering/box_george_e_p_1990_do_interactions_matter_quality_engineering_vol_2_no_3_pp_365_369.pdf}
}
@video{lamport_leslie_20220517,
    author       = {Leslie Lamport},
    title        = {The Man Who Revolutionized Computer Science With Math},
    date         = {2022-05-17},
    type         = {{Y}ou{T}ube},
    organization = {{Q}uanta {M}agazine},
    url          = {https://youtu.be/rkZzg7Vowao}
}
@video{lamport_leslie_20191014,
    author       = {Leslie Lamport},
    title        = {What's the difference between programming and coding?},
    date         = {2019-10-14},
    type         = {{Y}ou{T}ube},
    organization = {7th {H}eidelberg {L}aureate {F}orum (2019-09-22--27)},
    url          = {https://youtu.be/4RptzbNNoU0}
}
@image{guindon_richard_19890301,
    author       = {Richard Guindon},
    title        = {Writing is nature's way of letting you know how sloppy your thinking is.},
    date         = {1989-03-01},
    type         = {Image},
    publisher    = {{S}an {F}rancisco {C}hronicle},
    url          = {/home/gilles/documents/websites/private.gillespilon.ca/fot/comics_other/guindon_richard_19890301_writing_sloppy_thinking.jpeg}
}
@book{michaelrsull,
    author       = {Michael R. Sull},
    title        = {The Art of Cursive Penmanship: A Personal Handwriting Program for Adults},
    year         = {2018},
    publisher    = {Skyhorse Publishing},
    location     = {New York, NY},
    isbn         = {978-1-5107-3052-6},
}
@book{richardfeynman1985,
    author       = {Richard P. Feynman and Edward Hutchings (contributor)},
    editor       = {Edward Hutchings},
    title        = {Surely You're Joking, Mr. Feynman!: Adventures of a Curious Character},
    year         = {1985},
    publisher    = {W.W. Norton \& Company},
    location     = {New York, NY},
    isbn         = {0-393-01921-7},
}
