@book{wheeler2006,
    author    = {Donald J. Wheeler},
    title     = {EMPIII. Evaluating the Measurement Process \& Using Imperfect Data},
    publisher = {SPC Press},
    year      = {2006},
    isbn      = {978-0-945320-67-8},
    location  = {Knoxville, TN},
    pages     = {316}
}
@book{wheeler2004,
    author    = {Donald J. Wheeler},
    title     = {Advanced Statistical Process Control},
    publisher = {SPC Press},
    year      = {2004},
    isbn      = {978-0-945320-63-0},
    edition   = {Second},
    location  = {Knoxville, TN},
    pages     = {484}
}
@book{akao1990,
    author    = {Yoji Akao},
    title     = {Quality Function Deployment: Integrating Customer Requirements into Product Design},
    publisher = {Productivity Press},
    year      = {1990},
    isbn      = {978-0915299416},
    pages     = {400},
    location  = {Portland, OR}
}
@book{creveling2012,
    author    = {Clyde M. Creveling},
    title     = {Tolerance Design: A Handbook for Developing Optimzal Specifications},
    location  = {Don Mills ON},
    publisher = {Addison-Wesley},
    year      = {1997},
    isbn      = {0-201-63473-2 },
    pages     = {444}
}
@article{boyles1991,
    author       = {Russell A. Boyles},
    title        = {The {T}aguchi Capability Index},
    year         = {1991},
    month        = {1},
    volume       = {23},
    number       = {1},
    pages        = {17-26},
    journaltitle = {Journal of Quality Technology},
    publisher    = {{T}aylor \& {F}rancis},
    doi          = {10.1080/00224065.1991.11979279},
    URL          = {https://doi.org/10.1080/00224065.1991.11979279},
    eprint       = {https://doi.org/10.1080/00224065.1991.11979279}
}
@article{chan1988,
    author       = {Lai K. Chan and Smiley W. Cheng and Frederick A. Spiring},
    title        = {A New Measure of process capability: ${C}_\text{pm}$},
    journaltitle = {Journal of Quality Technology},
    volume       = {20},
    number       = {3},
    month        = {7},
    year         = {1988}
}
@article{gunter1989,
    author       = {Berton H. Gunter},
    title        = {Use and Abuse of ${C}_\text{pk}$},
    journaltitle = {Quality Progress},
    month        = {1},
    year         = {1989}
}
@article{hare2007,
    author       = {Lynne B. Hare},
    title        = {The ubiquitous ${C}_\text{pk}$},
    journaltitle = {Quality Progress},
    month        = {1},
    year         = {2007}
}
@article{kane1986,
    author       = {Victor E. Kane},
    title        = {Process Capability Indices},
    journaltitle = {Journal of Quality Technology},
    volume       = {18},
    number       = {1},
    month        = {1},
    year         = {1986}
}
@article{kotz2002,
    author       = {Samuel Kotz and Norman L. Johnson},
    title        = {Process Capability Indices---a Review, 1992--2000},
    journaltitle = {Journal of Quality Technology},
    volume       = {34},
    number       = {1},
    month        = {1},
    year         = {2002}
}
@article{marshall1994,
    author       = {J.C. Marshall},
    title        = {${C}_\text{pk}$ and Related Quality Indices},
    journaltitle = {KEMET TechTopics},
    month        = {5},
    year         = {1994},
    note         = {KEMET Eletronics Corporation},
    address      = {Greenville, SC}
}
@article{nelson1984,
    author       = {Lloyd S. Nelson},
    title        = {The {S}hewhart Control Chart---Tests for Special Causes},
    journaltitle = {Journal of Quality Technology},
    volume       = {16},
    number       = {4},
    month        = {10},
    year         = {1984}
}
@online{wiki:nelson,
    author = {Lloyd S. Nelson},
    title  = {Nelson rules},
    url    = {https://en.wikipedia.org/wiki/Nelson_rules},
    note   = {[Online; accessed 2022-07-11]},
    year   = {2022}
}
@online{nist:sematech,
    author = {NIST/SEMATECH},
    title  = {e-{H}andbook of Statistical Methods},
    year   = {2012},
    url    = {https://www.itl.nist.gov/div898/handbook/index.htm},
    note   = {[Online; accessed 2022-07-11]}
}
@inproceedings{wheeler1992,
    author       = {Donald J. Wheeler},
    title        = {Problems with Gauge {R}\&{R} Studies},
    booktitle    = {46th {A}nnual {Q}uality {C}ongress},
    location     = {Nashville, TN},
    organization = {American Society for Quality Control},
    year         = {1992},
    month        = {5}
}
@misc{pilon20220707,
    author = {Gilles Pilon},
    title  = {Process capability---strategy},
    note   = {2022-07-07},
    year   = {2022}
}
